<record><leader>00000cas a22000007a 4500</leader><controlfield tag="001">21494652</controlfield><controlfield tag="008">900508d18821923mouwr ne      0    0eng d</controlfield><datafield ind1=" " ind2=" " tag="010"><subfield code="a">sn 90061717 </subfield></datafield><datafield ind1=" " ind2=" " tag="040"><subfield code="a">MQN</subfield><subfield code="b">eng</subfield><subfield code="c">MQN</subfield><subfield code="d">OCLCQ</subfield></datafield><datafield ind1="0" ind2="4" tag="245"><subfield code="a">The Shelbina torchlight.</subfield></datafield><datafield ind1="3" ind2="0" tag="246"><subfield code="a">Shelby County news</subfield></datafield><datafield ind1=" " ind2=" " tag="260"><subfield code="a">Shelbina, Shelby County, Mo. :</subfield><subfield code="b">Cooley &amp; Roe</subfield></datafield><datafield ind1=" " ind2=" " tag="300"><subfield code="a">v.</subfield></datafield><datafield ind1=" " ind2=" " tag="310"><subfield code="a">Weekly</subfield></datafield><datafield ind1="1" ind2=" " tag="362"><subfield code="a">Began in 1882?</subfield></datafield><datafield ind1="0" ind2=" " tag="362"><subfield code="a">-v. 37, no. 46 (Feb. 23, 1923).</subfield></datafield><datafield ind1=" " ind2=" " tag="500"><subfield code="a">Published as: Shelby County news, Dec. 20, 1918-Aug. 29, 1919.</subfield></datafield><datafield ind1=" " ind2=" " tag="588"><subfield code="a">Description based on: Vol. 4, no. 47 (Jan. 3, 1890).</subfield></datafield><datafield ind1=" " ind2="4" tag="651"><subfield code="a">Shelbina (Mo.)</subfield><subfield code="v">Newspapers.</subfield></datafield><datafield ind1=" " ind2=" " tag="752"><subfield code="a">United States</subfield><subfield code="b">Missouri</subfield><subfield code="c">Shelby</subfield><subfield code="d">Shelbina.</subfield></datafield><datafield ind1="0" ind2="4" tag="785"><subfield code="t">Shelbina Democrat (Shelbina, Mo. : 1869)</subfield><subfield code="w">(DLC)sn 85034090</subfield></datafield></record>